
@report{pdf,
	author = {University of Bristol},
	title = {Continuous dynamical systems},
	institution = {University of Bristol},
	subtitle = {coupled first order differential equations},
	url = {https://people.maths.bris.ac.uk/~maajh/ODEs/chap4.pdf}
},

@book{book,
    author    = "Nagle and Saf and Snider",
    volume    = "8",
    title     = "Fundamentals of Differential Equations",
    year      = "1993",
    publisher = "Pearson",
    address   = "Reading, Massachusetts",
    isbn      = "9780321747730"
}
